
% BibTeX Entries

@inbook{Hans:2014,
 address              = {Bandung, ID},
 author               = {Hans Lauri},
 booktitle            = {Pengembangan modul produksi pada sistem ERP di Studio Photo X menggunakan framework openerp},
 pages                = {37--39},
 year                 = {2014},
 }

@misc{tutpoint,
	author							= {Tutorial Point},
	title								= {Apache POI},
	howpublished 				="\url{https://www.tutorialspoint.com/apache_poi}",
	note								= "[Online; accessed 13/09/2016]",
	
	}
@misc{ical,
	author							= {Ben Fortune},
	title								= {ical4j},
	howpublished 				="\url{http://ical4j.github.io/docs/ical4j/api/2.0-beta1}",
	note								= "[Online; accessed 14/09/2016]",
	
	}

